<record><leader>00000cas a2200000 i 4500</leader><controlfield tag="001">828200443</controlfield><controlfield tag="006">m     o  d        </controlfield><controlfield tag="007">cr |||||||||||</controlfield><controlfield tag="008">130222d18501851mouwr ne      0   a0eng  </controlfield><datafield ind1=" " ind2=" " tag="010"><subfield code="a">  2013218574</subfield></datafield><datafield ind1=" " ind2=" " tag="040"><subfield code="a">DLC</subfield><subfield code="b">eng</subfield><subfield code="e">rda</subfield><subfield code="c">DLC</subfield><subfield code="d">DLC</subfield><subfield code="d">OCLCQ</subfield><subfield code="d">OCLCF</subfield></datafield><datafield ind1="0" ind2=" " tag="022"><subfield code="a">2326-8441</subfield><subfield code="2">1</subfield></datafield><datafield ind1=" " ind2=" " tag="042"><subfield code="a">pcc</subfield><subfield code="a">nsdp</subfield></datafield><datafield ind1=" " ind2=" " tag="043"><subfield code="a">n-us-mo</subfield></datafield><datafield ind1="1" ind2="0" tag="050"><subfield code="a">ISSN RECORD</subfield></datafield><datafield ind1="0" ind2="0" tag="082"><subfield code="a">071</subfield><subfield code="2">23</subfield></datafield><datafield ind1="0" ind2=" " tag="130"><subfield code="a">Western union (Hannibal, Mo. : Online)</subfield></datafield><datafield ind1=" " ind2="0" tag="222"><subfield code="a">Western union</subfield><subfield code="b">(Hannibal, Mo. Online)</subfield></datafield><datafield ind1="1" ind2="0" tag="245"><subfield code="a">Western union.</subfield></datafield><datafield ind1=" " ind2="1" tag="264"><subfield code="a">City of Hannibal, Mo. :</subfield><subfield code="b">O. Clemens,</subfield><subfield code="c">-1851.</subfield></datafield><datafield ind1=" " ind2=" " tag="310"><subfield code="a">Weekly</subfield></datafield><datafield ind1=" " ind2=" " tag="336"><subfield code="a">text</subfield><subfield code="b">txt</subfield><subfield code="2">rdacontent</subfield></datafield><datafield ind1=" " ind2=" " tag="337"><subfield code="a">computer</subfield><subfield code="b">c</subfield><subfield code="2">rdamedia</subfield></datafield><datafield ind1=" " ind2=" " tag="338"><subfield code="a">online resource</subfield><subfield code="b">cr</subfield><subfield code="2">rdacarrier</subfield></datafield><datafield ind1="1" ind2=" " tag="362"><subfield code="a">Began in 1850; ceased with v. 1, no. 52 (Aug. 28, 1851).</subfield></datafield><datafield ind1=" " ind2=" " tag="530"><subfield code="a">Also issued in print.</subfield></datafield><datafield ind1=" " ind2=" " tag="588"><subfield code="a">Description based on: V. 1, no. 6 (October 10, 1850); title from masthead (Chroniclingamerica.loc.gov, viewed Feb. 22, 2013).</subfield></datafield><datafield ind1=" " ind2=" " tag="588"><subfield code="a">Latest issue consulted: V. 1, no. 52 (August. 28, 1851) (Chroniclingamerica.loc.gov, viewed Feb. 22, 2013).</subfield></datafield><datafield ind1=" " ind2="0" tag="651"><subfield code="a">Hannibal (Mo.)</subfield><subfield code="v">Newspapers.</subfield></datafield><datafield ind1=" " ind2="0" tag="651"><subfield code="a">Marion County (Mo.)</subfield><subfield code="v">Newspapers.</subfield></datafield><datafield ind1=" " ind2="7" tag="655"><subfield code="a">Newspapers.</subfield><subfield code="2">fast</subfield><subfield code="0">(OCoLC)fst01423814</subfield></datafield><datafield ind1=" " ind2="7" tag="651"><subfield code="a">Missouri</subfield><subfield code="z">Hannibal.</subfield><subfield code="2">fast</subfield><subfield code="0">(OCoLC)fst01223156</subfield></datafield><datafield ind1=" " ind2="7" tag="651"><subfield code="a">Missouri</subfield><subfield code="z">Marion County.</subfield><subfield code="2">fast</subfield><subfield code="0">(OCoLC)fst01206956</subfield></datafield><datafield ind1="1" ind2=" " tag="700"><subfield code="a">Clemens, Orion,</subfield><subfield code="d">1825-1897.</subfield></datafield><datafield ind1=" " ind2=" " tag="752"><subfield code="a">United States</subfield><subfield code="b">Missouri</subfield><subfield code="c">Marion</subfield><subfield code="d">Hannibal.</subfield></datafield><datafield ind1="1" ind2=" " tag="776"><subfield code="t">Western union (Hannibal, Mo.)</subfield><subfield code="x">2326-8433</subfield><subfield code="w">(DLC)sn 87091068</subfield><subfield code="w">(OCoLC)16907505</subfield></datafield><datafield ind1="0" ind2="7" tag="785"><subfield code="t">Hannibal journal (Hannibal, Mo. : 1842 : Online)</subfield></datafield><datafield ind1="0" ind2="7" tag="785"><subfield code="t">Hannibal journal and western union (Online)</subfield><subfield code="x">2326-8468</subfield><subfield code="w">(DLC)  2013218575</subfield><subfield code="w">(OCoLC)828200563</subfield></datafield><datafield ind1="4" ind2="1" tag="856"><subfield code="u">http://www.loc.gov/chroniclingamerica/lccn/sn87091068/issues</subfield></datafield></record>